[gd_scene load_steps=2 format=2]

[ext_resource path="res://blokoj/kosmo/skriptoj/itinero.gd" type="Script" id=1]

[node name="itinero" type="Control"]
script = ExtResource( 1 )
__meta__ = {
"_edit_use_anchors_": false
}

[node name="canvas" type="CanvasLayer" parent="."]
layer = 3

[node name="MarginContainer" type="MarginContainer" parent="canvas"]
visible = false
self_modulate = Color( 1, 1, 1, 0 )
margin_left = 693.0
margin_top = 353.0
margin_right = 1001.0
margin_bottom = 536.0
__meta__ = {
"_edit_use_anchors_": false
}

[node name="ColorRect" type="ColorRect" parent="canvas/MarginContainer"]
modulate = Color( 0.996078, 0.996078, 0.996078, 1 )
self_modulate = Color( 0, 0, 0, 1 )
show_behind_parent = true
margin_right = 308.0
margin_bottom = 183.0
color = Color( 0, 0, 0, 0.294118 )
__meta__ = {
"_edit_use_anchors_": false
}

[node name="ResizeControl" type="Control" parent="canvas/MarginContainer/ColorRect"]
anchor_left = 0.47
anchor_top = 0.415
anchor_right = 1.032
anchor_bottom = 1.038
margin_left = -0.0300064
margin_top = 0.0549927
margin_right = 0.0320129
margin_bottom = 0.0459747
mouse_default_cursor_shape = 12
__meta__ = {
"_edit_use_anchors_": false
}

[node name="VBoxContainer" type="VBoxContainer" parent="canvas/MarginContainer"]
self_modulate = Color( 1, 1, 1, 0.784314 )
margin_right = 308.0
margin_bottom = 183.0
__meta__ = {
"_edit_use_anchors_": false
}

[node name="Label" type="Label" parent="canvas/MarginContainer/VBoxContainer"]
margin_right = 308.0
margin_bottom = 17.0
text = "Маршруты"
align = 1
__meta__ = {
"_edit_use_anchors_": false
}

[node name="Close_button" type="Button" parent="canvas/MarginContainer/VBoxContainer/Label"]
self_modulate = Color( 1, 1, 1, 0.784314 )
anchor_left = 1.0
anchor_top = -0.2
anchor_right = 1.0
anchor_bottom = 1.4
margin_left = -19.0
margin_bottom = -9.53674e-07
custom_colors/font_color = Color( 1, 1, 1, 1 )
text = "X"
__meta__ = {
"_edit_use_anchors_": false
}

[node name="ItemList" type="ItemList" parent="canvas/MarginContainer/VBoxContainer"]
self_modulate = Color( 1, 1, 1, 0.784314 )
margin_top = 21.0
margin_right = 308.0
margin_bottom = 156.0
size_flags_horizontal = 3
size_flags_vertical = 3
custom_colors/guide_color = Color( 0.117647, 0.8, 0.909804, 1 )
custom_colors/font_color_selected = Color( 0.192157, 0.886275, 0.956863, 1 )
custom_colors/font_color = Color( 1, 1, 1, 1 )
auto_height = true
__meta__ = {
"_edit_use_anchors_": false
}

[node name="HBoxContainer" type="HBoxContainer" parent="canvas/MarginContainer/VBoxContainer"]
margin_top = 160.0
margin_right = 308.0
margin_bottom = 183.0

[node name="kom_itinero" type="Button" parent="canvas/MarginContainer/VBoxContainer/HBoxContainer"]
margin_right = 68.0
margin_bottom = 23.0
focus_mode = 0
enabled_focus_mode = 0
text = "Лететь"

[node name="itinero_next" type="Button" parent="canvas/MarginContainer/VBoxContainer/HBoxContainer"]
margin_left = 72.0
margin_right = 152.0
margin_bottom = 23.0
focus_mode = 0
disabled = true
enabled_focus_mode = 0
text = "Пропуск"

[node name="itinero_fin" type="Button" parent="canvas/MarginContainer/VBoxContainer/HBoxContainer"]
margin_left = 156.0
margin_right = 216.0
margin_bottom = 23.0
focus_mode = 0
disabled = true
enabled_focus_mode = 0
text = "Пауза"

[node name="itinero_clear" type="Button" parent="canvas/MarginContainer/VBoxContainer/HBoxContainer"]
margin_left = 220.0
margin_right = 280.0
margin_bottom = 23.0
focus_mode = 0
disabled = true
enabled_focus_mode = 0
text = "Сброс"
[connection signal="gui_input" from="canvas/MarginContainer" to="." method="_drag"]
[connection signal="gui_input" from="canvas/MarginContainer/ColorRect/ResizeControl" to="." method="_resize"]
[connection signal="pressed" from="canvas/MarginContainer/VBoxContainer/Label/Close_button" to="." method="_on_Close_button_pressed"]
[connection signal="pressed" from="canvas/MarginContainer/VBoxContainer/HBoxContainer/kom_itinero" to="." method="_on_kom_itinero_pressed"]
[connection signal="pressed" from="canvas/MarginContainer/VBoxContainer/HBoxContainer/itinero_next" to="." method="_on_itinero_next_pressed"]
[connection signal="pressed" from="canvas/MarginContainer/VBoxContainer/HBoxContainer/itinero_fin" to="." method="_on_itinero_fin_pressed"]
[connection signal="pressed" from="canvas/MarginContainer/VBoxContainer/HBoxContainer/itinero_clear" to="." method="_on_itinero_clear_pressed"]
