[gd_scene load_steps=39 format=2]

[ext_resource path="res://blokoj/taskoj/scenoj/taskoj.tscn" type="PackedScene" id=1]
[ext_resource path="res://kerno/menuo/menuo.gd" type="Script" id=2]
[ext_resource path="res://kerno/menuo/scenoj/profilo_butono.tscn" type="PackedScene" id=3]
[ext_resource path="res://kerno/menuo/resursoj/fonts/18957.otf" type="DynamicFontData" id=4]
[ext_resource path="res://blokoj/rcentro/scenoj/dialog.tscn" type="PackedScene" id=5]
[ext_resource path="res://blokoj/kosmo/scenoj/itinero.tscn" type="PackedScene" id=6]
[ext_resource path="res://kerno/menuo/scenoj/taskoj_butono.tscn" type="PackedScene" id=7]
[ext_resource path="res://kerno/menuo/scenoj/rcentro_butono.tscn" type="PackedScene" id=8]
[ext_resource path="res://kerno/menuo/resursoj/icons/tab4_2.png" type="Texture" id=9]
[ext_resource path="res://kerno/menuo/resursoj/icons/tab2_3.png" type="Texture" id=10]
[ext_resource path="res://blokoj/objektoj/scenoj/objekto.tscn" type="PackedScene" id=11]
[ext_resource path="res://kerno/menuo/resursoj/icons/tab3_1.png" type="Texture" id=12]
[ext_resource path="res://kerno/menuo/resursoj/icons/tab1_1.png" type="Texture" id=13]
[ext_resource path="res://kerno/menuo/resursoj/icons/tab2_1.png" type="Texture" id=14]
[ext_resource path="res://kerno/menuo/resursoj/icons/icon1.png" type="Texture" id=15]
[ext_resource path="res://kerno/menuo/resursoj/fonts/Buttons_stylel.tres" type="StyleBox" id=16]
[ext_resource path="res://kerno/menuo/scenoj/objecto_butono.tscn" type="PackedScene" id=17]
[ext_resource path="res://kerno/menuo/resursoj/icons/icon2.png" type="Texture" id=18]
[ext_resource path="res://kerno/menuo/resursoj/icons/icon4.png" type="Texture" id=19]
[ext_resource path="res://kerno/menuo/resursoj/icons/icon3.png" type="Texture" id=20]
[ext_resource path="res://kerno/menuo/resursoj/icons/tab1_3.png" type="Texture" id=21]
[ext_resource path="res://kerno/menuo/resursoj/icons/tab3_3.png" type="Texture" id=22]
[ext_resource path="res://kerno/menuo/resursoj/icons/logo2.png" type="Texture" id=23]
[ext_resource path="res://blokoj/sciigoj/ad_1.tscn" type="PackedScene" id=24]
[ext_resource path="res://kerno/menuo/resursoj/icons/icon7.png" type="Texture" id=25]
[ext_resource path="res://kerno/menuo/resursoj/icons/icon6.png" type="Texture" id=26]
[ext_resource path="res://kerno/menuo/resursoj/icons/icon5.png" type="Texture" id=27]
[ext_resource path="res://kerno/menuo/resursoj/icons/tab5b.png" type="Texture" id=28]
[ext_resource path="res://kerno/menuo/resursoj/icons/lefticon7.png" type="Texture" id=29]
[ext_resource path="res://kerno/menuo/resursoj/icons/lefticon4.png" type="Texture" id=30]
[ext_resource path="res://kerno/menuo/resursoj/icons/lefticon3.png" type="Texture" id=31]
[ext_resource path="res://kerno/menuo/resursoj/icons/lefticon2.png" type="Texture" id=32]
[ext_resource path="res://kerno/menuo/resursoj/icons/lefticon5.png" type="Texture" id=33]
[ext_resource path="res://kerno/menuo/resursoj/icons/lefticon11.png" type="Texture" id=34]
[ext_resource path="res://kerno/menuo/scenoj/interago.tscn" type="PackedScene" id=35]
[ext_resource path="res://kerno/menuo/resursoj/icons/lefticon10.png" type="Texture" id=36]
[ext_resource path="res://blokoj/eliro/eliro.tscn" type="PackedScene" id=37]

[sub_resource type="DynamicFont" id=1]
font_data = ExtResource( 4 )

[node name="Menuo" type="Control"]
anchor_right = 1.0
anchor_bottom = 1.0
margin_top = 76.0
margin_right = -1024.0
margin_bottom = -524.0
script = ExtResource( 2 )
__meta__ = {
"_edit_ik_": true,
"_edit_use_anchors_": false
}

[node name="CanvasLayer" type="CanvasLayer" parent="."]
follow_viewport_scale = 0.001

[node name="Label" type="Label" parent="CanvasLayer"]
anchor_top = 1.0
anchor_bottom = 1.0
margin_left = 66.0
margin_top = -19.0
margin_right = 221.0
margin_bottom = -4.0
custom_fonts/font = SubResource( 1 )
text = "   Universo version 0.6.0 alfo"
__meta__ = {
"_edit_use_anchors_": true
}

[node name="UI" type="Control" parent="CanvasLayer"]
anchor_right = 1.0
anchor_bottom = 1.0
margin_right = -1024.0
margin_bottom = -600.0
__meta__ = {
"_edit_use_anchors_": false
}

[node name="Lbar" type="ColorRect" parent="CanvasLayer/UI"]
anchor_bottom = 1.0
margin_top = 64.0
margin_right = 48.0
margin_bottom = 600.0
color = Color( 0.4, 0.6, 1, 0.862745 )
__meta__ = {
"_edit_use_anchors_": true
}

[node name="Lbar2" type="ColorRect" parent="CanvasLayer/UI"]
margin_top = 51.0
margin_right = 35.0
margin_bottom = 64.0
color = Color( 0.4, 0.6, 1, 0.862745 )
__meta__ = {
"_edit_use_anchors_": true
}

[node name="Lbar3" type="ColorRect" parent="CanvasLayer/UI"]
margin_left = 35.0
margin_top = 51.0
margin_right = 53.4
margin_bottom = 61.0
rect_rotation = 45.0
color = Color( 0.4, 0.6, 1, 0.862745 )
__meta__ = {
"_edit_use_anchors_": true
}

[node name="romb" type="ColorRect" parent="CanvasLayer/UI"]
margin_left = 36.0
margin_top = 49.0
margin_right = 55.0
margin_bottom = 68.0
rect_rotation = -45.0
color = Color( 0.4, 0.6, 1, 0.862745 )
__meta__ = {
"_edit_use_anchors_": true
}

[node name="real" type="Button" parent="CanvasLayer/UI"]
margin_left = 45.0
margin_top = -3.0
margin_right = 264.0
margin_bottom = 51.0
rect_min_size = Vector2( 0, 48 )
focus_mode = 0
mouse_default_cursor_shape = 2
custom_styles/focus = ExtResource( 16 )
enabled_focus_mode = 0
icon = ExtResource( 13 )
flat = true
__meta__ = {
"_edit_use_anchors_": true
}

[node name="realLabel" type="Label" parent="CanvasLayer/UI/real"]
anchor_right = 0.858
anchor_bottom = 1.0
margin_left = 51.0
margin_top = 38.0
margin_right = 120.098
margin_bottom = 1.0
rect_scale = Vector2( 0.493126, 0.608793 )
text = "Многоукладный нестабильный"
valign = 2
__meta__ = {
"_edit_use_anchors_": true
}

[node name="Label" type="Label" parent="CanvasLayer/UI/real"]
margin_left = 67.0
margin_top = 15.0
margin_right = 158.0
margin_bottom = 32.0
rect_scale = Vector2( 0.85, 0.85 )
text = "РЕАЛЬНЫЙ"
__meta__ = {
"_edit_use_anchors_": true
}

[node name="real_com_rect" type="TextureRect" parent="CanvasLayer/UI/real"]
visible = false
anchor_left = 0.027
anchor_right = 0.977
anchor_bottom = 0.955
margin_left = 0.0869999
margin_top = 37.0
margin_right = 7.03699
margin_bottom = 0.429996
rect_scale = Vector2( 0.967, 0.97 )
texture = ExtResource( 21 )
__meta__ = {
"_edit_use_anchors_": false
}

[node name="real_cap_rect" type="TextureRect" parent="CanvasLayer/UI/real"]
visible = false
anchor_left = 0.027
anchor_right = 0.977
anchor_bottom = 0.955
margin_left = 0.0869999
margin_top = 37.0
margin_right = 7.03699
margin_bottom = 0.429996
rect_scale = Vector2( 0.967, 0.97 )
texture = ExtResource( 22 )
__meta__ = {
"_edit_use_anchors_": true
}

[node name="com" type="Button" parent="CanvasLayer/UI"]
margin_left = 241.44
margin_top = -3.44012
margin_right = 460.44
margin_bottom = 50.5599
rect_min_size = Vector2( 0, 48 )
focus_mode = 0
mouse_default_cursor_shape = 2
custom_styles/focus = ExtResource( 16 )
enabled_focus_mode = 0
icon = ExtResource( 14 )
flat = true
__meta__ = {
"_edit_use_anchors_": true
}

[node name="comLabel" type="Label" parent="CanvasLayer/UI/com"]
visible = false
anchor_right = 1.0
anchor_bottom = 1.0
margin_left = 52.0
margin_top = 38.0
margin_right = 90.0
margin_bottom = 1.0
rect_scale = Vector2( 0.480002, 0.56 )
size_flags_stretch_ratio = 0.0
text = "Начальный коммунистический"
__meta__ = {
"_edit_use_anchors_": false
}

[node name="Label" type="Label" parent="CanvasLayer/UI/com"]
margin_left = 68.436
margin_top = 15.0
margin_right = 160.436
margin_bottom = 32.0
rect_scale = Vector2( 0.85, 0.85 )
text = "КОНКОРДО"
__meta__ = {
"_edit_use_anchors_": true
}

[node name="com_cap_rect" type="TextureRect" parent="CanvasLayer/UI/com"]
visible = false
anchor_left = 0.025
anchor_right = 0.975
anchor_bottom = 0.955
margin_left = 0.0850129
margin_top = 37.4401
margin_right = 7.03499
margin_bottom = 0.870117
rect_scale = Vector2( 0.967, 0.97 )
texture = ExtResource( 22 )
__meta__ = {
"_edit_use_anchors_": true
}

[node name="com_real_rect" type="TextureRect" parent="CanvasLayer/UI/com"]
anchor_left = 0.025
anchor_right = 0.975
anchor_bottom = 0.955
margin_left = 0.0850129
margin_top = 37.4401
margin_right = 7.03499
margin_bottom = 0.870117
rect_scale = Vector2( 0.967, 0.97 )
texture = ExtResource( 10 )
__meta__ = {
"_edit_use_anchors_": true
}

[node name="cap" type="Button" parent="CanvasLayer/UI"]
margin_left = 437.0
margin_top = -3.0
margin_right = 656.0
margin_bottom = 51.0
rect_min_size = Vector2( 0, 48 )
focus_mode = 0
mouse_default_cursor_shape = 2
custom_styles/focus = ExtResource( 16 )
enabled_focus_mode = 0
icon = ExtResource( 12 )
flat = true
__meta__ = {
"_edit_use_anchors_": true
}

[node name="capLabel" type="Label" parent="CanvasLayer/UI/cap"]
visible = false
anchor_right = 1.0
anchor_bottom = 0.949
margin_left = 48.0
margin_top = 38.0
margin_right = 91.0
margin_bottom = 3.75401
rect_scale = Vector2( 0.48, 0.52 )
text = "Умеренный капиталистический"
__meta__ = {
"_edit_use_anchors_": false
}

[node name="Label" type="Label" parent="CanvasLayer/UI/cap"]
margin_left = 75.0
margin_top = 15.0
margin_right = 156.0
margin_bottom = 32.0
rect_scale = Vector2( 0.85, 0.85 )
text = "ТРИУМФО"
__meta__ = {
"_edit_use_anchors_": true
}

[node name="cap_real_rect" type="TextureRect" parent="CanvasLayer/UI/cap"]
anchor_left = 0.029
anchor_right = 0.979
anchor_bottom = 0.955
margin_left = 0.0502906
margin_top = 37.0
margin_right = 7.00027
margin_bottom = 0.43
rect_scale = Vector2( 0.967, 0.97 )
texture = ExtResource( 10 )
__meta__ = {
"_edit_use_anchors_": true
}

[node name="cap_com_rect" type="TextureRect" parent="CanvasLayer/UI/cap"]
visible = false
anchor_left = 0.027
anchor_right = 0.977
anchor_bottom = 0.955
margin_left = 0.0870609
margin_top = 37.0
margin_right = 7.03705
margin_bottom = 0.429996
rect_scale = Vector2( 0.967, 0.97 )
texture = ExtResource( 21 )
__meta__ = {
"_edit_use_anchors_": true
}

[node name="mezo_regions" type="Button" parent="CanvasLayer/UI"]
margin_left = 633.0
margin_top = -3.0
margin_right = 693.0
margin_bottom = 51.0
hint_tooltip = "Мезорегионы"
mouse_default_cursor_shape = 2
icon = ExtResource( 9 )
flat = true
__meta__ = {
"_edit_use_anchors_": true
}

[node name="quick_actions" type="Button" parent="CanvasLayer/UI"]
anchor_left = 1.0
anchor_right = 1.0
margin_left = 774.92
margin_top = -2.87686
margin_right = 834.92
margin_bottom = 51.1231
hint_tooltip = "Быстрые действия"
mouse_default_cursor_shape = 2
icon = ExtResource( 25 )
flat = true
__meta__ = {
"_edit_use_anchors_": true,
"_editor_description_": ""
}

[node name="notifications" type="Button" parent="CanvasLayer/UI"]
anchor_left = 1.0
anchor_right = 1.0
margin_left = 723.92
margin_top = -2.87686
margin_right = 783.92
margin_bottom = 51.1231
hint_tooltip = "Уведомления"
mouse_default_cursor_shape = 2
icon = ExtResource( 26 )
flat = true
__meta__ = {
"_edit_use_anchors_": true,
"_editor_description_": ""
}

[node name="search" type="Button" parent="CanvasLayer/UI"]
anchor_left = 1.0
anchor_right = 1.0
margin_left = 672.92
margin_top = -2.87686
margin_right = 732.92
margin_bottom = 51.1231
hint_tooltip = "Поиск"
mouse_default_cursor_shape = 2
icon = ExtResource( 27 )
flat = true
__meta__ = {
"_edit_use_anchors_": true,
"_editor_description_": ""
}

[node name="user" type="Button" parent="CanvasLayer/UI"]
anchor_left = 1.0
anchor_right = 1.0
margin_left = 825.812
margin_top = -3.17015
margin_right = 1029.81
margin_bottom = 51.8298
hint_tooltip = "Вкладка пользователя"
mouse_default_cursor_shape = 2
icon = ExtResource( 28 )
flat = true
__meta__ = {
"_edit_use_anchors_": true
}

[node name="Label" type="Label" parent="CanvasLayer/UI/user"]
margin_left = 47.0
margin_top = 18.0
margin_right = 152.0
margin_bottom = 35.0
rect_scale = Vector2( 0.85, 0.85 )
text = "Моя планета"
__meta__ = {
"_edit_use_anchors_": false
}

[node name="news" type="Button" parent="CanvasLayer/UI"]
margin_left = 702.61
margin_top = -3.46329
margin_right = 762.61
margin_bottom = 50.5367
hint_tooltip = "Новости"
mouse_default_cursor_shape = 2
icon = ExtResource( 15 )
flat = true
__meta__ = {
"_edit_use_anchors_": true
}

[node name="communities" type="Button" parent="CanvasLayer/UI"]
margin_left = 754.0
margin_top = -3.0
margin_right = 814.0
margin_bottom = 51.0
hint_tooltip = "Сообщества"
mouse_default_cursor_shape = 2
icon = ExtResource( 18 )
flat = true
__meta__ = {
"_edit_use_anchors_": true
}

[node name="academy" type="Button" parent="CanvasLayer/UI"]
margin_left = 805.0
margin_top = -3.0
margin_right = 865.0
margin_bottom = 51.0
hint_tooltip = "Академия"
mouse_default_cursor_shape = 2
icon = ExtResource( 20 )
flat = true
__meta__ = {
"_edit_use_anchors_": true
}

[node name="encyclopedia" type="Button" parent="CanvasLayer/UI"]
margin_left = 856.0
margin_top = -3.0
margin_right = 916.0
margin_bottom = 51.0
hint_tooltip = "Энциклопедия"
mouse_default_cursor_shape = 2
icon = ExtResource( 19 )
flat = true
__meta__ = {
"_edit_use_anchors_": true
}

[node name="Profilo" parent="CanvasLayer/UI" instance=ExtResource( 3 )]
margin_left = -6.0
margin_top = -3.0
margin_right = 54.0
margin_bottom = 51.0
rect_min_size = Vector2( 48, 48 )
hint_tooltip = "Профиль"
focus_mode = 0
mouse_default_cursor_shape = 2
enabled_focus_mode = 0
icon = ExtResource( 23 )
flat = true

[node name="ad" parent="CanvasLayer/UI" instance=ExtResource( 17 )]
margin_left = -6.0
margin_top = 48.0
margin_right = 54.0
margin_bottom = 102.0
rect_min_size = Vector2( 48, 48 )
hint_tooltip = "Рекламная информация"
focus_mode = 0
mouse_default_cursor_shape = 2
enabled_focus_mode = 0
icon = ExtResource( 29 )
flat = true

[node name="ad_1" parent="CanvasLayer/UI/ad" instance=ExtResource( 24 )]
visible = true

[node name="Taskoj" parent="CanvasLayer/UI" instance=ExtResource( 7 )]
margin_left = -5.85773
margin_top = 251.699
margin_right = 54.1423
margin_bottom = 305.699
grow_horizontal = 2
grow_vertical = 2
rect_min_size = Vector2( 48, 48 )
hint_tooltip = "Задачи"
focus_mode = 0
mouse_default_cursor_shape = 2
enabled_focus_mode = 0
icon = ExtResource( 33 )
flat = true
expand_icon = false

[node name="Window" parent="CanvasLayer/UI/Taskoj" instance=ExtResource( 1 )]

[node name="RCentro" parent="CanvasLayer/UI" instance=ExtResource( 8 )]
margin_left = -5.63028
margin_top = 201.22
margin_right = 54.3697
margin_bottom = 255.22
rect_min_size = Vector2( 48, 48 )
hint_tooltip = "Ресурсный центр"
focus_mode = 0
mouse_default_cursor_shape = 2
enabled_focus_mode = 0
icon = ExtResource( 30 )
flat = true

[node name="Window" parent="CanvasLayer/UI/RCentro" instance=ExtResource( 5 )]

[node name="Objektoj" parent="CanvasLayer/UI" instance=ExtResource( 17 )]
margin_left = -5.5298
margin_top = 98.8211
margin_right = 54.4702
margin_bottom = 152.821
rect_min_size = Vector2( 48, 48 )
hint_tooltip = "Объекты"
focus_mode = 0
mouse_default_cursor_shape = 2
enabled_focus_mode = 0
icon = ExtResource( 32 )
flat = true

[node name="Window" parent="CanvasLayer/UI/Objektoj" instance=ExtResource( 11 )]

[node name="b_itinero" type="Button" parent="CanvasLayer/UI"]
margin_left = -6.21405
margin_top = 150.131
margin_right = 53.7859
margin_bottom = 204.131
hint_tooltip = "Навигационный центр"
mouse_default_cursor_shape = 2
icon = ExtResource( 31 )
flat = true
__meta__ = {
"_edit_use_anchors_": true
}

[node name="itinero" parent="CanvasLayer/UI/b_itinero" instance=ExtResource( 6 )]

[node name="interago" type="Button" parent="CanvasLayer/UI"]
margin_left = -6.38464
margin_top = 302.756
margin_right = 53.6154
margin_bottom = 356.756
hint_tooltip = "Центр взаимодействия"
mouse_default_cursor_shape = 2
icon = ExtResource( 34 )
flat = true
__meta__ = {
"_edit_use_anchors_": true
}

[node name="interago" parent="CanvasLayer/UI/interago" instance=ExtResource( 35 )]
anchor_left = 17.176
anchor_top = -5.634
anchor_right = 17.176
anchor_bottom = -5.634
margin_left = -1994.56
margin_top = 304.236
margin_right = -1994.56
margin_bottom = 304.236

[node name="eliro" type="Button" parent="CanvasLayer/UI"]
margin_left = -6.38464
margin_top = 353.756
margin_right = 53.6154
margin_bottom = 407.756
hint_tooltip = "Выход"
mouse_default_cursor_shape = 2
icon = ExtResource( 36 )
flat = true
__meta__ = {
"_edit_use_anchors_": true
}

[node name="eliro" parent="CanvasLayer/UI/eliro" instance=ExtResource( 37 )]
margin_left = 9.04407
margin_top = -354.225
margin_right = 9.04407
margin_bottom = -354.225

[node name="request" type="HTTPRequest" parent="."]
[connection signal="pressed" from="CanvasLayer/UI/real" to="." method="_on_real_pressed"]
[connection signal="pressed" from="CanvasLayer/UI/com" to="." method="_on_com_pressed"]
[connection signal="pressed" from="CanvasLayer/UI/cap" to="." method="_on_cap_pressed"]
[connection signal="pressed" from="CanvasLayer/UI/Profilo" to="." method="_on_Profilo_pressed"]
[connection signal="pressed" from="CanvasLayer/UI/ad" to="." method="_on_ad_pressed"]
[connection signal="pressed" from="CanvasLayer/UI/Taskoj" to="." method="_on_Taskoj_pressed"]
[connection signal="draw" from="CanvasLayer/UI/Taskoj/Window" to="CanvasLayer/UI/Taskoj/Window" method="_on_Window_draw"]
[connection signal="pressed" from="CanvasLayer/UI/RCentro" to="." method="_on_Resurso_Center_pressed"]
[connection signal="about_to_show" from="CanvasLayer/UI/RCentro/Window" to="CanvasLayer/UI/RCentro/Window" method="_on_Window_about_to_show"]
[connection signal="pressed" from="CanvasLayer/UI/Objektoj" to="." method="_on_Objektoj_pressed"]
[connection signal="pressed" from="CanvasLayer/UI/b_itinero" to="." method="_on_b_itinero_pressed"]
[connection signal="pressed" from="CanvasLayer/UI/interago" to="." method="_on_interago_pressed"]
[connection signal="button_up" from="CanvasLayer/UI/eliro" to="." method="_on_eliro_button_up"]
